 @online{
 	blaise_barney, 
 	title={POSIX Threads Programming}, 
 	url={https://hpc-tutorials.llnl.gov/posix/}, 
 	journal={LLNL HPC Tutorials}, 
 	author={Blaise Barney, Lawrence Livermore National Laboratory}
 } 

@online{
	cppreference.com, 
	title={C and C++ reference}, 
	url={https://en.cppreference.com/w/}, 
	journal={cppreference.com}
} 